%! Author = alexx
%! Date = 18/4/2024

